<?xml version="1.0" encoding="UTF-8"?><collection xmlns="http://www.loc.gov/MARC21/slim"><record><leader>00337nam--2200121-i-4500</leader><controlfield tag="001">000023297</controlfield><controlfield tag="002">20161230</controlfield><controlfield tag="005">20161230201035</controlfield><controlfield tag="008">060222s1000------------r-----000-0-eng-d</controlfield><datafield ind1=" " ind2=" " tag="245"><subfield code="a">Growing points in science</subfield></datafield><datafield ind1=" " ind2=" " tag="260"><subfield code="a">London, Her Majesty`S Stationery Office, 1972. V+215p</subfield></datafield><datafield ind1=" " ind2=" " tag="490"><subfield code="a">Departement Of Education And Science)</subfield></datafield><datafield ind1=" " ind2=" " tag="852"><subfield code="a">38703</subfield></datafield></record></collection>